@online{twin1,
	author = {twinprime},
	title = {A description of qualities that make a good mobile SDK},
	date = {23-09-2016},
	url = {http://twinprime.com/the-mark-of-a-good-sdk/},
}

@online{stack1,
	author = {KeithS},
	title = {What's the difference between an API and an SDK?},
	date = {27-09-2016},
	url = {http://programmers.stackexchange.com/questions/101873/whats-the-difference-between-an-api-and-an-sdk},
}
@online{stack2,
author = {SliceOfTime},
title = {Difference between an API and SDK},
date = {27-09-2016},
url = {http://stackoverflow.com/questions/834763/difference-between-an-api-and-sdk},
}

@online{wordp1,
	author = {Wordpress},
	title = {Plugin API},
	date = {27-09-2016},
	url = {https://codex.wordpress.org/Plugin_API},
}

@online{stack3,
	author = {gustavohenke},
	title = {Inject module dynamically, only if required},
	date = {27-09-2016},
	url = {http://stackoverflow.com/questions/18591966/inject-module-dynamically-only-if-required},
}

@online{benna1,
	author = {Ben Nadel},
	title = {Loading AngularJS Components With RequireJS After Application Bootstrap},
	date = {27-09-2016},
	url = {http://www.bennadel.com/blog/2554-loading-angularjs-components-with-requirejs-after-application-bootstrap.htm},
}

@online{wikip1,
	author = {Wikipedia},
	title = {Java Version History},
	date = {27-09-2016},
	url = {https://en.wikipedia.org/wiki/Java_version_history},
}
